@book{evans_2015, 
  place={INpolis, IN}, 
  title={Domain-driven design reference: definitions and patterns summaries}, 
  publisher={Dog Ear Publishing}, 
  author={Evans, Eric}, 
  year={2015}
}

@book{EvansEric2004Dd:t,
  publisher = "Addison-Wesley",
  isbn = "0-321-12521-5",
  year = "2004",
  title = "Domain-driven design : tackling complexity in the heart of software",
  language = "eng",
  address = "Boston, Mass.",
  author = "Evans, Eric",
  keywords = "Object-oriented programming (Computer science); Computer software -- Development; Software; Programvara",
}


@misc{Wilander2009,
  author = {Wilander, Johan},
  title = {{OWASP Sweden: Dom{\"{a}}ndriven s{\"{a}}kerhet / Domain-Driven Security}},
  url = {http://owaspsweden.blogspot.se/2009/09/domandriven-sakerhet-domain-driven.html},
  urldate = {2018-01-25},
  year = {2009}
}

@misc{Johnsson2009,
  author = {Johnsson, Dan Bergh},
  title = {{Dear Junior - Letters to a Junior Programmer: Introducing Domain Driven Security}},
  url = {http://dearjunior.blogspot.se/2009/09/introducing-domain-driven-security.html},
  urldate = {2018-01-25},
  year = {2009}
}

@misc{Tardell,
author = {Tardell, Simon},
title = {{Dynamic Taint Propagation | OP Tech Talks (Stockholm, Sweden) | Meetup}},
url = {https://www.meetup.com/en-AU/op-tech-talk/events/245435404/},
urldate = {2018-01-30}
}
